@book{DDRJahrbuch1981,
	author    = {{Staatliche Zentralverwaltung für Statistik}},
	title     = {{Statistisches Jahrbuch 1981 der Deutschen Demokratischen Republik}},
	year      = {1981},
	publisher = {Staatsverlag der Deutschen Demokratischen Republik}
}

@article{FuchsSchuendeln2016,
	author  = {Nicola Fuchs-Schündeln and Paolo Masella},
	journal = {The Review of Economics and Statistics},
	title   = {{Long-Lasting Effects of Socialist Education}},
	year    = {2016},
	volume  = {98},
	number  = {3},
	pages   = {428--441},
	doi     = {10.1162/REST_a_00583}
}

@misc{Hallinen2024,
	author       = {Judith Hallinen},
	title        = {{STEM}},
	year         = {2024},
	howpublished = {\href{https://www.britannica.com/topic/STEM-education}{https://www.britannica.com/topic/STEM-education}},
	note         = {Encyclopedia Britannica. Last updated: 7 May 2024.}
}

@article{Lane1983,
	author  = {Christel Lane},
	journal = {Sociology},
	title   = {{Women in Socialist Society with special reference to the German Democratic Republic}},
	year    = {1983},
	volume  = {17},
	number  = {4},
	pages   = {489--505}
}

@article{Lippmann2018,
	author  = {Quentin Lippmann and Claudia Senik},
	journal = {SOEPpapers on Multidisciplinary Panel Data Research},
	title   = {{Math, Girls and Socialism}},
	year    = {2018},
	volume  = {993-2018},
	issn    = {1864-6689},
	note    = {DIW/SOEP Berlin}
}

@book{Menschik1974,
	author    = {Jutta Menschik and Eveyln Leopol},
	title     = {Gretchens rote Schwestern. Frauen in der DDR},
	year      = {1974},
	publisher = {Fischer Verlag}
}
